@book{JBR99,
    author = {Jacobson I.{,} Booch G.{,} Rumbaugh J.},
    title = {The Unified Software Development Process},
    year = {1999},
    publisher = {Addison-Wesley},
}
@book{RUP,
    author = {Rational Software},
    title = {Rational Software White Paper},
    year = {1998},
    edition= {TP026B, Rev 11/01},
    publisher = {IBM},
    address = {18880 Homestead Road, Cupertino, CA 95014},
}
@misc{PID,
  author = {UNIONCAMERE},
  title = {\textit{Covid: 7 idee innovative per la ripartenza Premiati a Maker Faire i vincitori di Top of the Pid}},
  howpublished = "\url{https://www.puntoimpresadigitale.camcom.it/paginainterna/premio-top-of-the-pid}",
  year = {2020}
}
@misc{MISE,
  author = {Ministero per l'innovazione tecnologica e la transizione digitale},
  title = {\textit{Solidariet√† Digitale al servizio di studenti e commercianti}},
  howpublished = "\url{https://solidarietadigitale.agid.gov.it/iniziative/}",
  year = {2020}
}
@misc{AGID,
  author = {Team per la trasformazione digitale{,} Ministero per l'innovazione tecnologica e la transizione digitale},
  title = {\textit{Linee guida di design per i servizi web della PA}},
  howpublished = "\url{https://docs.italia.it/italia/design/lg-design-servizi-web/it/bozza/index.html}",
  year = {2020}
}
@book{JS,
    author = {Marijn Haverbeke},
    title = {Eloquent Javascript},
    year = {2015},
    edition= {2},
    publisher = {Editore unico Hoepli Milano},
    address = {via Hoepli 5, 20121 Milano},
}
